<record><leader>00000cas a2200000 a 4500</leader><controlfield tag="001">45865760</controlfield><controlfield tag="008">010207cuuuu9999fluwn ne      0    0eng c</controlfield><datafield ind1=" " ind2=" " tag="010"><subfield code="a">sn2001061806</subfield></datafield><datafield ind1=" " ind2=" " tag="040"><subfield code="a">NYG</subfield><subfield code="b">eng</subfield><subfield code="c">NYS</subfield><subfield code="d">OCLCQ</subfield><subfield code="d">OCLCO</subfield><subfield code="d">OCLCF</subfield></datafield><datafield ind1="1" ind2=" " tag="029"><subfield code="a">AU@</subfield><subfield code="b">000022280853</subfield></datafield><datafield ind1=" " ind2=" " tag="037"><subfield code="b">150 West University Blvd., Melbourne, FL 32901</subfield></datafield><datafield ind1=" " ind2=" " tag="042"><subfield code="a">pcc</subfield></datafield><datafield ind1=" " ind2=" " tag="043"><subfield code="a">n-us-fl</subfield></datafield><datafield ind1="0" ind2="0" tag="245"><subfield code="a">Florida Tech's crimson.</subfield></datafield><datafield ind1="3" ind2="0" tag="246"><subfield code="a">Crimson</subfield></datafield><datafield ind1=" " ind2=" " tag="260"><subfield code="a">Melbourne, Fla. :</subfield><subfield code="b">[s.n.]</subfield></datafield><datafield ind1=" " ind2=" " tag="300"><subfield code="a">v. :</subfield><subfield code="b">ill. ;</subfield><subfield code="c">44 cm.</subfield></datafield><datafield ind1=" " ind2=" " tag="310"><subfield code="a">Weekly (during the school year)</subfield></datafield><datafield ind1=" " ind2=" " tag="500"><subfield code="a">"A Florida Tech Student Publication."</subfield></datafield><datafield ind1=" " ind2=" " tag="500"><subfield code="a">"Florida Tech's Official Student Newspaper."</subfield></datafield><datafield ind1=" " ind2=" " tag="588"><subfield code="a">Description based on: Vol. 34, no. 27 (Sept. 29, 2000).</subfield></datafield><datafield ind1="2" ind2="0" tag="610"><subfield code="a">Florida Institute of Technology</subfield><subfield code="x">Students.</subfield></datafield><datafield ind1=" " ind2="0" tag="651"><subfield code="a">Melbourne (Fla.)</subfield><subfield code="v">Newspapers.</subfield></datafield><datafield ind1=" " ind2="0" tag="651"><subfield code="a">Brevard County (Fla.)</subfield><subfield code="v">Newspapers.</subfield></datafield><datafield ind1=" " ind2="7" tag="655"><subfield code="a">College student newspapers</subfield><subfield code="z">Florida.</subfield><subfield code="2">ngl</subfield></datafield><datafield ind1=" " ind2="7" tag="655"><subfield code="a">Newspapers.</subfield><subfield code="2">fast</subfield><subfield code="0">(OCoLC)fst01423814</subfield></datafield><datafield ind1="2" ind2="7" tag="610"><subfield code="a">Florida Institute of Technology.</subfield><subfield code="2">fast</subfield><subfield code="0">(OCoLC)fst00526834</subfield></datafield><datafield ind1=" " ind2="7" tag="650"><subfield code="a">Students.</subfield><subfield code="2">fast</subfield><subfield code="0">(OCoLC)fst01136041</subfield></datafield><datafield ind1=" " ind2="7" tag="651"><subfield code="a">Florida</subfield><subfield code="z">Brevard County.</subfield><subfield code="2">fast</subfield><subfield code="0">(OCoLC)fst01212300</subfield></datafield><datafield ind1=" " ind2="7" tag="651"><subfield code="a">Florida</subfield><subfield code="z">Melbourne.</subfield><subfield code="2">fast</subfield><subfield code="0">(OCoLC)fst01213183</subfield></datafield><datafield ind1=" " ind2=" " tag="752"><subfield code="a">United States</subfield><subfield code="b">Florida</subfield><subfield code="c">Brevard</subfield><subfield code="d">Melbourne.</subfield></datafield><datafield ind1="4" ind2="1" tag="856"><subfield code="u">http://crimson.fit.edu</subfield></datafield></record>